@inproceedings{gardner1994efficient,
  title        = {Efficient convolution without input/output delay},
  author       = {Gardner, William G},
  booktitle    = {97th Audio Engineering Society Convention},
  year         = {1994},
  organization = {Audio Engineering Society}
}

@inproceedings{steinmetz2020overdrive,
  title     = {Randomized Overdrive Neural Networks},
  author    = {Steinmetz, Christian J. and Reiss, Joshua D.},
  booktitle = {4th Workshop on Machine Learning for Creativity and Design at NeurIPS 2020},
  year      = {2020}
}

@article{steinmetz2021efficient,
  title   = {Efficient Neural Networks for Real-time Analog Audio Effect Modeling},
  author  = {Steinmetz, Christian J and Reiss, Joshua D},
  journal = {arXiv:2102.06200},
  year    = {2021}
}

@article{chowdhury2020comparison,
  title   = {A Comparison of Virtual Analog Modelling Techniques for Desktop and Embedded Implementations},
  author  = {Chowdhury, Jatin},
  journal = {arXiv:2009.02833},
  year    = {2020}
}

@article{abtahi2018accelerating,
  title     = {Accelerating convolutional neural network with fft on embedded hardware},
  author    = {Abtahi, Tahmid and Shea, Colin and Kulkarni, Amey and Mohsenin, Tinoosh},
  journal   = {IEEE Transactions on Very Large Scale Integration (VLSI) Systems},
  volume    = {26},
  number    = {9},
  year      = {2018},
  publisher = {IEEE}
}

@inproceedings{lavin2016fast,
  title     = {Fast algorithms for convolutional neural networks},
  author    = {Lavin, Andrew and Gray, Scott},
  booktitle = {Proceedings of the IEEE Conference on Computer Vision and Pattern Recognition},
  year      = {2016}
}

@inproceedings{oord2016wavenet,
  author    = {van den Oord, A{\"a}ron and Dieleman, Sander and Zen, Heiga and Simonyan, Karen and Vinyals, Oriol and Graves, Alex and Kalchbrenner, Nal and Senior, Andrew and Kavukcuoglu, Koray},
  booktitle = {9th ISCA Speech Synthesis Workshop},
  title     = {WaveNet: A Generative Model for Raw Audio},
  year      = {2016}
}

@article{wright2020realj,
  author    = {Wright, Alec and Damsk{\"a}gg, Eero-Pekka and Juvela, Lauri and V{\"a}lim{\"a}ki, Vesa},
  journal   = {Applied Sciences},
  number    = {3},
  publisher = {Multidisciplinary Digital Publishing Institute},
  title     = {Real-time guitar amplifier emulation with deep learning},
  volume    = {10},
  year      = {2020}
}

@article{martinez2020blackbox,
  author     = {Mart{\'\i}nez Ram{\'\i}rez, Marco A and Benetos, Emmanouil and Reiss, Joshua D.},
  doi        = {10.3390/app10020638},
  journal    = {Applied Sciences},
  title      = {Deep Learning for Black-Box Modeling of Audio Effects},
  volume     = {10},
  year       = {2020},
  bdsk-url-1 = {https://doi.org/10.3390/app10020638}
}

@article{bai2018tcn,
  author  = {Bai, Shaojie and Kolter, J Zico and Koltun, Vladlen},
  journal = {arXiv:1803.01271},
  title   = {An empirical evaluation of generic convolutional and recurrent networks for sequence modeling},
  year    = {2018}
}

@article{valimaki2016all,
  title     = {All about audio equalization: Solutions and frontiers},
  author    = {V{\"a}lim{\"a}ki, Vesa and Reiss, Joshua D},
  journal   = {Applied Sciences},
  volume    = {6},
  number    = {5},
  year      = {2016},
  publisher = {Multidisciplinary Digital Publishing Institute}
}

@inproceedings{valimaki2016more,
  title        = {More than 50 years of artificial reverberation},
  author       = {V{\"a}lim{\"a}ki, Vesa and Parker, Julian and Savioja, Lauri and Smith, Julius O and Abel, Jonathan},
  booktitle    = {AES 60th International Conference: DREAMS},
  year         = {2016},
  organization = {Audio Engineering Society}
}

@inproceedings{farina2000simultaneous,
  title        = {Simultaneous measurement of impulse response and distortion with a swept-sine technique},
  author       = {Farina, Angelo},
  booktitle    = {108th Audio Engineering Society Convention},
  year         = {2000},
  organization = {Audio Engineering Society}
}

@article{stan2002comparison,
  title     = {Comparison of different impulse response measurement techniques},
  author    = {Stan, Guy-Bart and Embrechts, Jean-Jacques and Archambeau, Dominique},
  journal   = {Journal of the Audio Engineering Society},
  volume    = {50},
  number    = {4},
  year      = {2002},
  publisher = {Audio Engineering Society}
}

@inproceedings{hurchalla2010time,
  title        = {A time distributed FFT for efficient low latency convolution},
  author       = {Hurchalla, Jeffrey},
  booktitle    = {129th Audio Engineering Society Convention},
  year         = {2010},
  organization = {Audio Engineering Society}
}

@inproceedings{muller1999low,
  title        = {Low-latency convolution for real-time applications},
  author       = {M{\"u}ller-Tomfelde, Christian},
  booktitle    = {Audio Engineering Society Conference: 16th International Conference: Spatial Sound Reproduction},
  year         = {1999},
  organization = {Audio Engineering Society}
}

@book{wefers2015partitioned,
  title     = {Partitioned convolution algorithms for real-time auralization},
  author    = {Wefers, Frank},
  volume    = {20},
  year      = {2015},
  publisher = {Logos Verlag Berlin GmbH}
}

@article{krizhevsky2012imagenet,
  title   = {Imagenet classification with deep convolutional neural networks},
  author  = {Krizhevsky, Alex and Sutskever, Ilya and Hinton, Geoffrey E},
  journal = {Advances in neural information processing systems},
  volume  = {25},
  year    = {2012}
}

@article{lecun1998gradient,
  title     = {Gradient-based learning applied to document recognition},
  author    = {LeCun, Yann and Bottou, L{\'e}on and Bengio, Yoshua and Haffner, Patrick},
  journal   = {Proceedings of the IEEE},
  volume    = {86},
  number    = {11},
  year      = {1998},
  publisher = {Ieee}
}

@inproceedings{rethage2018wavenet,
  author    = {Rethage, Dario and Pons, Jordi and Serra, Xavier},
  booktitle = {IEEE Int. Conf. on Acoustics, Speech and Signal Processing (ICASSP)},
  title     = {A {WaveNet} for speech denoising},
  year      = {2018}
}

@inproceedings{abtahi2017accelerating,
  title        = {Accelerating convolutional neural network with FFT on tiny cores},
  author       = {Abtahi, Tahmid and Kulkarni, Amey and Mohsenin, Tinoosh},
  booktitle    = {2017 IEEE International Symposium on Circuits and Systems (ISCAS)},
  year         = {2017},
  organization = {IEEE}
}

@article{vasilyev2015cnn,
  title   = {CNN optimizations for embedded systems and FFT},
  author  = {Vasilyev, Artem},
  journal = {Standford University Report},
  year    = {2015}
}